<?xml version="1.0" encoding="UTF-8"?>
  <record xmlns="http://www.loc.gov/MARC21/slim" type="Authority">
    <leader>00000nz  a2200000oc 4500</leader>
    <controlfield tag="001">1071079107</controlfield>
    <controlfield tag="003">DE-101</controlfield>
    <controlfield tag="005">20200807105638.0</controlfield>
    <controlfield tag="008">150518n||aznnnaabn           | aaa    |c</controlfield>
    <datafield tag="024" ind1="7" ind2=" ">
      <subfield code="a">1071079107</subfield>
      <subfield code="0">http://d-nb.info/gnd/1071079107</subfield>
      <subfield code="2">gnd</subfield>
    </datafield>
    <datafield tag="035" ind1=" " ind2=" ">
      <subfield code="a">(DE-101)1071079107</subfield>
    </datafield>
    <datafield tag="035" ind1=" " ind2=" ">
      <subfield code="a">(DE-588)1071079107</subfield>
    </datafield>
    <datafield tag="040" ind1=" " ind2=" ">
      <subfield code="a">DE-Mb108</subfield>
      <subfield code="c">DE-Mb108</subfield>
      <subfield code="9">r:DE-Mb108</subfield>
      <subfield code="b">ger</subfield>
      <subfield code="d">0017</subfield>
    </datafield>
    <datafield tag="042" ind1=" " ind2=" ">
      <subfield code="a">gnd4</subfield>
    </datafield>
    <datafield tag="043" ind1=" " ind2=" ">
      <subfield code="c">XA-DE</subfield>
    </datafield>
    <datafield tag="075" ind1=" " ind2=" ">
      <subfield code="b">p</subfield>
      <subfield code="2">gndgen</subfield>
    </datafield>
    <datafield tag="075" ind1=" " ind2=" ">
      <subfield code="b">piz</subfield>
      <subfield code="2">gndspec</subfield>
    </datafield>
    <datafield tag="079" ind1=" " ind2=" ">
      <subfield code="a">g</subfield>
      <subfield code="q">d</subfield>
    </datafield>
    <datafield tag="100" ind1="1" ind2=" ">
      <subfield code="a">Gabler, Johann Georg</subfield>
      <subfield code="d">1682-1682</subfield>
    </datafield>
    <datafield tag="375" ind1=" " ind2=" ">
      <subfield code="a">1</subfield>
      <subfield code="2">iso5218</subfield>
    </datafield>
    <datafield tag="500" ind1="1" ind2=" ">
      <subfield code="0">(DE-101)1215294948</subfield>
      <subfield code="0">(DE-588)1215294948</subfield>
      <subfield code="0">https://d-nb.info/gnd/1215294948</subfield>
      <subfield code="a">Gabler, Theodor</subfield>
      <subfield code="d">1646-1713</subfield>
      <subfield code="4">bezf</subfield>
      <subfield code="4">https://d-nb.info/standards/elementset/gnd#familialRelationship</subfield>
      <subfield code="w">r</subfield>
      <subfield code="i">Beziehung familiaer</subfield>
      <subfield code="e">Beziehung familiaer</subfield>
      <subfield code="9">v:Vater</subfield>
    </datafield>
    <datafield tag="500" ind1="1" ind2=" ">
      <subfield code="0">(DE-101)1215361238</subfield>
      <subfield code="0">(DE-588)1215361238</subfield>
      <subfield code="0">https://d-nb.info/gnd/1215361238</subfield>
      <subfield code="a">Gabler, Catharina Maria</subfield>
      <subfield code="d">1650-</subfield>
      <subfield code="4">bezf</subfield>
      <subfield code="4">https://d-nb.info/standards/elementset/gnd#familialRelationship</subfield>
      <subfield code="w">r</subfield>
      <subfield code="i">Beziehung familiaer</subfield>
      <subfield code="e">Beziehung familiaer</subfield>
      <subfield code="9">v:Mutter</subfield>
    </datafield>
    <datafield tag="500" ind1="1" ind2=" ">
      <subfield code="0">(DE-101)124969577</subfield>
      <subfield code="0">(DE-588)124969577</subfield>
      <subfield code="0">https://d-nb.info/gnd/124969577</subfield>
      <subfield code="a">Bernegger, Crato</subfield>
      <subfield code="d">-1706</subfield>
      <subfield code="4">beza</subfield>
      <subfield code="4">https://d-nb.info/standards/elementset/gnd#acquaintanceshipOrFriendship</subfield>
      <subfield code="w">r</subfield>
      <subfield code="i">Bekanntschaft</subfield>
      <subfield code="e">Bekanntschaft</subfield>
      <subfield code="9">v:Paten</subfield>
    </datafield>
    <datafield tag="548" ind1=" " ind2=" ">
      <subfield code="a">31.03.1682-08.06.1682</subfield>
      <subfield code="4">datx</subfield>
      <subfield code="4">https://d-nb.info/standards/elementset/gnd#dateOfBirthAndDeath</subfield>
      <subfield code="w">r</subfield>
      <subfield code="i">Exakte Lebensdaten</subfield>
    </datafield>
    <datafield tag="548" ind1=" " ind2=" ">
      <subfield code="a">1682-1682</subfield>
      <subfield code="4">datl</subfield>
      <subfield code="4">https://d-nb.info/standards/elementset/gnd#dateOfBirthAndDeath</subfield>
      <subfield code="w">r</subfield>
      <subfield code="i">Lebensdaten</subfield>
    </datafield>
    <datafield tag="551" ind1=" " ind2=" ">
      <subfield code="0">(DE-101)040391337</subfield>
      <subfield code="0">(DE-588)4039133-4</subfield>
      <subfield code="0">https://d-nb.info/gnd/4039133-4</subfield>
      <subfield code="a">Michelstadt</subfield>
      <subfield code="4">ortg</subfield>
      <subfield code="4">https://d-nb.info/standards/elementset/gnd#placeOfBirth</subfield>
      <subfield code="w">r</subfield>
      <subfield code="i">Geburtsort</subfield>
    </datafield>
    <datafield tag="551" ind1=" " ind2=" ">
      <subfield code="0">(DE-101)040391337</subfield>
      <subfield code="0">(DE-588)4039133-4</subfield>
      <subfield code="0">https://d-nb.info/gnd/4039133-4</subfield>
      <subfield code="a">Michelstadt</subfield>
      <subfield code="4">orts</subfield>
      <subfield code="4">https://d-nb.info/standards/elementset/gnd#placeOfDeath</subfield>
      <subfield code="w">r</subfield>
      <subfield code="i">Sterbeort</subfield>
    </datafield>
    <datafield tag="670" ind1=" " ind2=" ">
      <subfield code="a">Katalog der ... Stolberg'schen Leichenpredigten-Sammlung. Bd. 2. - 1928</subfield>
    </datafield>
    <datafield tag="672" ind1=" " ind2="0">
      <subfield code="a">Gott gefälliger Seelen bald erreichete Vollkommenheit, in einer Christlichen Leich-Predigt, als ein Kind guter Hoffnung, Nemblich Joh. Georgius Gabler, des Hoch-Edlen, Vest und Großachtbahren Herrn Theodori Gablers, Hoch-Gräfflichen Erbachischen, Cammer-Meisters und dessen hertzgeliebten Haußfrauen, Fr. Catharina Maria gebohrner Pestlin, liebstgewesenes Söhnlein, Nachdeme es den 8. Tag Junii des 1682ten Jahrs Morgens umb 9.Uhr seliglich verschieden, auff das Fest der Hochh. Dreyfaltigkeit, bey ansehnlicher Trauer-Versamblung, in die Pfarrkirche zu Michelstadt begraben worden. Gezeiget und auff Begehren schrifftlich ertheilet von Nicolao Listen, p. t. Ecclesiae patriae Pastore, Darmstadt: Müller, [1682]</subfield>
    </datafield>
  </record>
